@misc{IntelMKL,
    author  ={Intel},
    title     = {Developer Zone: Math Kernel Library},
    howpublished    ={\\ \url{"https://software.intel.com/en-us/mkl"}},
    note    ={Date Accessed: 21 January 2019}
}
@misc{OpenBLAS,
    author  ={Zhang Xianyi},
    title     = {xianyi: github},
    howpublished    ={\\ \url{"https://github.com/xianyi/OpenBLAS"}},
    note    ={Date Accessed: 23 January 2019}
}
